@article{Agnarsson2008,
author = {Agnarsson, Ingi and Miller, Jeremy A.},
doi = {10.1111/j.1096-0031.2008.00229.x},
journal = {Cladistics},
number = {6},
pages = {1032--1038},
title = {{Is ACCTRAN better than DELTRAN?}},
volume = {24},
year = {2008}
}

@article{Fitch1971,
author = {Fitch, Walter M.},
doi = {10.1093/sysbio/20.4.406},
issn = {1063-5157},
journal = {Systematic Biology},
month = {dec},
number = {4},
pages = {406--416},
title = {{Toward defining the course of evolution: minimum change for a specific tree topology}},
url = {http://sysbio.oxfordjournals.org/content/20/4/406.short},
volume = {20},
year = {1971}
}

@article{Goloboff2016,
author = {Goloboff, Pablo A and Catalano, Santiago A},
doi = {10.1111/cla.12160},
journal = {Cladistics},
number = {3},
pages = {221--238},
title = {{TNT version 1.5, including a full implementation of phylogenetic morphometrics}},
url = {http://doi.wiley.com/10.1111/cla.12160},
volume = {32},
year = {2016}
}

@article{Maddison1993,
author = {Maddison, Wayne P.},
doi = {10.1093/sysbio/42.4.576},
journal = {Systematic Biology},
number = {4},
pages = {576--581},
title = {{Missing data versus missing characters in phylogenetic analysis}},
volume = {42},
year = {1993}
}

@article{Maddison1997,
author = {Maddison, D. R. and Swofford, D. L. and Maddison, W. P.},
journal = {Systematic Biology},
pages = {590--621},
title = {{NEXUS: an extensible file format for systematic information}},
volume = {46},
year = {1997}
}

@article{ThisStudy,
author = {Brazeau, Martin D. and Guillerme, Thomas and Smith, Martin Ross},
doi = {10.1101/209775},
journal = {bioR$\chi$iv},
title = {{Morphological phylogenetic analysis with inapplicable data}},
url = {https://www.biorxiv.org/content/early/2017/10/26/209775},
year = {2017}
}
