@article{Giles2015,
  title={Osteichthyan-like cranial conditions in an Early Devonian stem gnathostome},
  author={Giles, Sam and Friedman, Matt and Brazeau, Martin D},
  journal={Nature},
  volume={520},
  number={7545},
  pages={82--85},
  year={2015},
  publisher={Nature Research}
}

@article{Zanol2007,
  title={A phylogenetic analysis of the genus Eunice (Eunicidae, polychaete, Annelida)},
  author={Zanol, Joana and Fauchald, Kristian and Paiva, Paulo C},
  journal={Zoological Journal of the Linnean Society},
  volume={150},
  number={2},
  pages={413--434},
  year={2007},
  publisher={Wiley Online Library}
}

@article{Longrich2010,
  title={Texacephale langstoni, a new genus of pachycephalosaurid (Dinosauria: Ornithischia) from the upper Campanian Aguja Formation, southern Texas, USA},
  author={Longrich, Nicholas R and Sankey, Julia and Tanke, Darren},
  journal={Cretaceous Research},
  volume={31},
  number={2},
  pages={274--284},
  year={2010},
  publisher={Elsevier}
}

@article{Sharkey2012,
  title={Phylogenetic relationships among superfamilies of Hymenoptera},
  author={Sharkey, Michael J and Carpenter, James M and Vilhelmsen, Lars and Heraty, John and Liljeblad, Johan and Dowling, Ashley PG and Schulmeister, Susanne and Murray, Debra and Deans, Andrew R and Ronquist, Fredrik and others},
  journal={Cladistics},
  volume={28},
  number={1},
  pages={80--112},
  year={2012},
  publisher={Wiley Online Library}
}

@article{Wiens2010,
  title={Combining phylogenomics and fossils in higher-level squamate reptile phylogeny: molecular data change the placement of fossil taxa},
  author={Wiens, John J and Kuczynski, Caitlin A and Townsend, Ted and Reeder, Tod W and Mulcahy, Daniel G and Sites, Jack W},
  journal={Systematic Biology},
  volume={59},
  number={6},
  pages={674--688},
  year={2010},
  publisher={Oxford University Press}
}

@article{Sundue2010,
  title={Systematics of grammitid ferns (Polypodiaceae): using morphology and plastid sequence data to resolve the circumscriptions of Melpomene and the polyphyletic genera Lellingeria and Terpsichore},
  author={Sundue, Michael A and Islam, Melissa B and Ranker, Tom A},
  journal={Systematic Botany},
  volume={35},
  number={4},
  pages={701--715},
  year={2010},
  publisher={American Society of Plant Taxonomists}
}

@article{Bouchenak2010,
  title={Biogeography of the grasses (Poaceae): a phylogenetic approach to reveal evolutionary history in geographical space and geological time},
  author={Bouchenak-Khelladi, Yanis and Verboom, G Anthony and Savolainen, Vincent and Hodkinson, Trevor R},
  journal={Botanical Journal of the Linnean Society},
  volume={162},
  number={4},
  pages={543--557},
  year={2010},
  publisher={Wiley Online Library}
}

@article{Baker2009,
  title={Complete generic-level phylogenetic analyses of palms (Arecaceae) with comparisons of supertree and supermatrix approaches},
  author={Baker, William J and Savolainen, Vincent and Asmussen-Lange, Conny B and Chase, Mark W and Dransfield, John and Forest, F{\'e}lix and Harley, Madeline M and Uhl, Natalie W and Wilkinson, Mark},
  journal={Systematic Biology},
  volume={58},
  number={2},
  pages={240--256},
  year={2009},
  publisher={Oxford University Press}
}

@article{Dikow2009,
  title={A phylogenetic hypothesis for Asilidae based on a total evidence analysis of morphological and DNA sequence data (Insecta: Diptera: Brachycera: Asiloidea)},
  author={Dikow, Torsten},
  journal={Organisms Diversity \& Evolution},
  volume={9},
  number={3},
  pages={165--188},
  year={2009},
  publisher={Elsevier}
}

@article{Geisler2001,
  title={New morphological evidence for the phylogeny of Artiodactyla, Cetacea, and Mesonychidae},
  author={Geisler, Jonathan H},
  journal={American Museum Novitates},
  pages={1--53},
  year={2001},
  publisher={BioOne}
}

@article{Griswold1999,
  title={Towards a phylogeny of entelegyne spiders (Araneae, Araneomorphae, Entelegynae)},
  author={Griswold, Charles E and Coddington, Jonathan A and Platnick, Norman I and Forster, Raymond R},
  journal={Journal of Arachnology},
  pages={53--63},
  year={1999},
  publisher={JSTOR}
}

@article{Loconte1991,
  title={Cladistics of the Magnoliidae},
  author={Loconte, Henry and Stevenson, Dennis W},
  journal={Cladistics},
  volume={7},
  number={3},
  pages={267--296},
  year={1991},
  publisher={Wiley Online Library}
}

@article{Wortley2007,
  title={On the taxonomy and phylogenetic position of Thomandersia},
  author={Wortley, AH and Harris, DJ and Scotland, RW},
  journal={Systematic Botany},
  volume={32},
  number={2},
  pages={415--444},
  year={2007},
  publisher={BioOne}
}

@article{Wilson2003,
  title={The Triassic isopod Protamphisopus wianamattensis (Chilton) and comparison with extant taxa (Crustacea, Phreatoicidea)},
  author={Wilson, George DF and Edgecombe, Gregory D},
  journal={Journal of Paleontology},
  volume={77},
  number={3},
  pages={454--470},
  year={2003},
  publisher={BioOne}
}

@article{Asher2006,
  title={Tenrec phylogeny and the noninvasive extraction of nuclear DNA},
  author={Asher, Robert J and Hofreiter, Michael},
  journal={Systematic biology},
  volume={55},
  number={2},
  pages={181--194},
  year={2006},
  publisher={Oxford University Press}
}

@article{Agnarsson2004,
  title={Morphological phylogeny of cobweb spiders and their relatives (Araneae, Araneoidea, Theridiidae)},
  author={Agnarsson, Ingi},
  journal={Zoological journal of the Linnean Society},
  volume={141},
  number={4},
  pages={447--626},
  year={2004},
  publisher={Wiley Online Library}
}

@article{Aguado2009,
  title={Phylogeny of Syllidae (Polychaeta) based on morphological data},
  author={Aguado, M Teresa and Mart{\'\i}n, Guillermo San},
  journal={Zoologica Scripta},
  volume={38},
  number={4},
  pages={379--402},
  year={2009},
  publisher={Wiley Online Library}
}

@article{Capa2011,
  title={Phylogeny of Sabellidae (Annelida) and relationships with other taxa inferred from morphology and multiple genes},
  author={Capa, Mar{\'\i}a and Hutchings, Pat and Teresa Aguado, M and Bott, Nathan J},
  journal={Cladistics},
  volume={27},
  number={5},
  pages={449--469},
  year={2011},
  publisher={Wiley Online Library}
}

@article{DeAssis2011,
  title={Phylogenetic relationships within Maldanidae (Capitellida, Annelida), based on morphological characters},
  author={De Assis, Jose Eriberto and Christoffersen, Martin Lindsey},
  journal={Systematics and Biodiversity},
  volume={9},
  number={3},
  pages={233--245},
  year={2011},
  publisher={Taylor \& Francis}
}

@article{Eklund2004,
  title={Morphological phylogenetic analysis of living and fossil Chloranthaceae},
  author={Eklund, Helena and Doyle, James A and Herendeen, Patrick S},
  journal={International Journal of Plant Sciences},
  volume={165},
  number={1},
  pages={107--151},
  year={2004},
  publisher={The University of Chicago Press}
}

@article{Ma2014,
  title={The morphology and phylogenetic position of the Cambrian lobopodian Diania cactiformis},
  author={Ma, Xiaoya and Edgecombe, Gregory D and Legg, David A and Hou, Xianguang},
  journal={Journal of Systematic Palaeontology},
  volume={12},
  number={4},
  pages={445--457},
  year={2014},
  publisher={Taylor \& Francis}
}

@article{OLeary1999,
  title={The position of Cetacea within Mammalia: Phylogenetic analysis of morphological data from extinct and extant taxa},
  author={O'Leary, Maureen A and Geisler, Jonathan H},
  journal={Systematic Biology},
  volume={48},
  number={3},
  pages={455--490},
  year={1999},
  publisher={Oxford University Press}
}

@article{Rougier2012,
  title={The Miocene mammal Necrolestes demonstrates the survival of a Mesozoic nontherian lineage into the late Cenozoic of South America},
  author={Rougier, Guillermo W and Wible, John R and Beck, Robin MD and Apestegu{\'\i}a, Sebastian},
  journal={Proceedings of the National Academy of Sciences},
  volume={109},
  number={49},
  pages={20053--20058},
  year={2012},
  publisher={National Acad Sciences}
}

@article{Rouse1997,
  title={Cladistics and polychaetes},
  author={Rouse, Gregory W and Fauchald, Kristian},
  journal={Zoologica Scripta},
  volume={26},
  number={2},
  pages={139--204},
  year={1997},
  publisher={Wiley Online Library}
}

@article{Rousset2004,
  title={The phylogenetic position of Siboglinidae (Annelida) inferred from 18S rRNA, 28S rRNA and morphological data},
  author={Rousset, Vincent and Rouse, Greg W and Siddall, Mark E and Tillier, Annie and Pleijel, Fredrik},
  journal={Cladistics},
  volume={20},
  number={6},
  pages={518--533},
  year={2004},
  publisher={Wiley Online Library}
}

@article{Sano2011,
  title={Morphological phylogeny of gall-forming aphids of the tribe Eriosomatini (Aphididae: Eriosomatinae)},
  author={Sano, Masakazu and AKIMOTO, SHIN-ICHI},
  journal={Systematic Entomology},
  volume={36},
  number={4},
  pages={607--627},
  year={2011},
  publisher={Wiley Online Library}
}

@article{Sansom2010,
  title={Non-random decay of chordate characters causes bias in fossil interpretation},
  author={Sansom, Robert S and Gabbott, Sarah E and Purnell, Mark A},
  journal={Nature},
  volume={463},
  number={7282},
  pages={797--800},
  year={2010},
  publisher={Nature Publishing Group}
}

@article{Schulze2007,
  title={Phylogeny of sipunculan worms: a combined analysis of four gene regions and morphology},
  author={Schulze, Anja and Cutler, Edward B and Giribet, Gonzalo},
  journal={Molecular phylogenetics and evolution},
  volume={42},
  number={1},
  pages={171--192},
  year={2007},
  publisher={Elsevier}
}

@article{Shultz2007,
  title={A phylogenetic analysis of the arachnid orders based on morphological characters},
  author={Shultz, Jeffrey W},
  journal={Zoological Journal of the Linnean Society},
  volume={150},
  number={2},
  pages={221--265},
  year={2007},
  publisher={Wiley Online Library}
}

@article{Smith2013,
  title={Cambrian spiral-plated echinoderms from Gondwana reveal the earliest pentaradial body plan},
  author={Smith, Andrew B and Zamora, Samuel},
  journal={Proceedings of the Royal Society of London B: Biological Sciences},
  volume={280},
  number={1765},
  pages={20131197},
  year={2013},
  publisher={The Royal Society}
}

@article{Sutton2012,
  title={A Silurian armoured aplacophoran and implications for molluscan phylogeny},
  author={Sutton, Mark D and Briggs, Derek EG and Siveter, David J and Siveter, Derek J and Sigwart, Julia D},
  journal={Nature},
  volume={490},
  number={7418},
  pages={94--97},
  year={2012},
  publisher={Nature Publishing Group}
}

@article{Vinther2008,
  title={Machaeridians are Palaeozoic armoured annelids},
  author={Vinther, Jakob and Van Roy, Peter and Briggs, Derek EG},
  journal={Nature},
  volume={451},
  number={7175},
  pages={185--188},
  year={2008},
  publisher={Nature Publishing Group}
}

@article{Wills2012,
  title={The disparity of priapulid, archaeopriapulid and palaeoscolecid worms in the light of new data},
  author={Wills, MA and Gerber, S and Ruta, M and Hughes, M},
  journal={Journal of evolutionary biology},
  volume={25},
  number={10},
  pages={2056--2076},
  year={2012},
  publisher={Wiley Online Library}
}

@article{Worsaae2005,
  title={Phylogeny of Nerillidae (Polychaeta, Annelida) as inferred from combined 18S rDNA and morphological data},
  author={Worsaae, Katrine},
  journal={Cladistics},
  volume={21},
  number={2},
  pages={143--162},
  year={2005},
  publisher={Wiley Online Library}
}

@article{Zhu2013,
  title={A Silurian placoderm with osteichthyan-like marginal jaw bones},
  author={Zhu, Min and Yu, Xiaobo and Ahlberg, Per Erik and Choo, Brian and Lu, Jing and Qiao, Tuo and Qu, Qingming and Zhao, Wenjin and Jia, Liantao and Blom, Henning and others},
  journal={Nature},
  volume={502},
  number={7470},
  pages={188--193},
  year={2013},
  publisher={Nature Publishing Group}
}

