@article{ThisStudy,
author = {Brazeau, Martin D. and Guillerme, Thomas and Smith, Martin Ross},
doi = {10.1101/209775},
journal = {Biorxiv},
title = {{Morphological phylogenetic analysis with inapplicable data}},
year = {2017}
}
